
@inbook{
	cpp_concurrency,
	author="Anthony Williams",
	title="C++ Concurrency in Action: Practical Multithreading",
	publisher="Manning Publications Co.",
	pages="",
	language="english",
	year=2019
}

@misc{cpp,
	title="cppreference.com [Электронный ресурс]",
	howpublished="Режим доступа: \url{https://en.cppreference.com/w/} (дата обращения: 26.10.2021)"
}

@misc{point_rotate,
	title="Rotating a point about another point [Электронный ресурс]",
	howpublished="Режим доступа: \url{https://stackoverflow.com/questions/2259476/} (дата обращения: 26.10.2021)"
}

@misc{windows,
	title="Explore Windows 10. [Электронный ресурс]",
	howpublished="Режим доступа: \url{https://www.microsoft.com/en-us/windows/} (дата обращения: 02.10.2021)"
}

@misc{amd,
	title="AMD Processors [Электронный ресурс]",
	howpublished="Режим доступа: \url{https://www.amd.com/en/products/apu/amd-ryzen-5-4600h} (дата обращения: 02.10.2021)"
}