
@misc{
	optimisations,
	title="Winograd Fast Convolution [Электронный ресурс]",
	howpublished="Режим доступа: \url{https://medium.com/@dmangla3/understanding-winograd-fast-convolution-a75458744ff} (дата обращения: 21.10.2021)"
}

@misc{
	winograd,
	title="Погорелов Д. А. Таразанов А. М. Волкова Л. Л. Оптимизация классического алгоритма Винограда для перемножения матриц // Журнал
	№1. 2019. Т. 49."
}

@misc{golang,
	title="The Go Programming Language [Электронный ресурс]",
	howpublished="Режим доступа: \url{https://golang.org/} (дата обращения: 01.10.2021)"
}

@misc{gotest,
	title="Testing -- The Go Programming Language [Электронный ресурс]",
	howpublished="Режим доступа: \url{https://golang.org/pkg/testing/} (дата обращения: 08.10.2021)"
}

@misc{windows,
	title="Explore Windows 10. [Электронный ресурс]",
	howpublished="Режим доступа: \url{https://www.microsoft.com/en-us/windows/} (дата обращения: 02.10.2021)"
}

@misc{amd,
	title="AMD Processors [Электронный ресурс]",
	howpublished="Режим доступа: \url{https://www.amd.com/en/products/apu/amd-ryzen-5-4600h} (дата обращения: 02.10.2021)"
}