@inbook{
	parallel,
	author="Пыхтин А.А., Ушаков С.В.",
	title="Параллельные конвейерные вычисления",
	publisher="-- Курск, КГУ",
	pages="",
	language="russian",
	year=2016
}

@inbook{
	goconc,
	author="James Neskorod",
	title="Go Concurrency",
	publisher="-- MIT",
	pages="",
	language="english",
	year=2020
}

@misc{golang,
	title="The Go Programming Language [Электронный ресурс]",
	howpublished="Режим доступа: \url{https://golang.org/} (дата обращения: 01.10.2021)"
}

@misc{windows,
	title="Explore Windows 10. [Электронный ресурс]",
	howpublished="Режим доступа: \url{https://www.microsoft.com/en-us/windows/} (дата обращения: 02.10.2021)"
}

@misc{amd,
	title="AMD Processors [Электронный ресурс]",
	howpublished="Режим доступа: \url{https://www.amd.com/en/products/apu/amd-ryzen-5-4600h} (дата обращения: 02.10.2021)"
}