
@inbook{
	yualianov,
	author="Ульянов М.В.",
	title="Ресурсно-эффективные компьютерные алгоритмы. Разработка и анализ.",
	publisher="-- М.: ФИЗМАТЛИТ",
	pages="",
	language="russian",
	year=2007
}

@misc{golang,
	title="The Go Programming Language [Электронный ресурс]",
	howpublished="Режим доступа: \url{https://golang.org/} (дата обращения: 01.10.2021)"
}

@misc{gotest,
	title="Testing -- The Go Programming Language [Электронный ресурс]",
	howpublished="Режим доступа: \url{https://golang.org/pkg/testing/} (дата обращения: 08.10.2021)"
}

@misc{windows,
	title="Explore Windows 10. [Электронный ресурс]",
	howpublished="Режим доступа: \url{https://www.microsoft.com/en-us/windows/} (дата обращения: 02.10.2021)"
}

@misc{amd,
	title="AMD Processors [Электронный ресурс]",
	howpublished="Режим доступа: \url{https://www.amd.com/en/products/apu/amd-ryzen-5-4600h} (дата обращения: 02.10.2021)"
}